
<record type="Bibliographic" xmlns="http://www.loc.gov/MARC21/slim">
<leader>00000ntdaa2200000 c 4500</leader>
<controlfield tag="001">993007120</controlfield>
<controlfield tag="003">DE-101</controlfield>
<controlfield tag="005">20171202094106.0</controlfield>
<controlfield tag="007">tu</controlfield>
<controlfield tag="008">090304m19431944xxu||||| |||| 00||||eng  </controlfield>
<datafield ind1="7" ind2=" " tag="016">
<subfield code="2">DE-101</subfield>
<subfield code="a">993007120</subfield>
</datafield>
<datafield ind1=" " ind2=" " tag="035">
<subfield code="a">(DE-599)DNB993007120</subfield>
</datafield>
<datafield ind1=" " ind2=" " tag="040">
<subfield code="a">1270</subfield>
<subfield code="b">ger</subfield>
<subfield code="c">DE-101</subfield>
<subfield code="d">9999</subfield>
</datafield>
<datafield ind1=" " ind2=" " tag="041">
<subfield code="a">eng</subfield>
</datafield>
<datafield ind1=" " ind2=" " tag="044">
<subfield code="c">XD-US</subfield>
</datafield>
<datafield ind1="1" ind2=" " tag="100">
<subfield code="0">(DE-588)11625999X</subfield>
<subfield code="0">https://d-nb.info/gnd/11625999X</subfield>
<subfield code="0">(DE-101)11625999X</subfield>
<subfield code="a">Knopf, Alfred A.</subfield>
<subfield code="d">1892-1984</subfield>
<subfield code="e">Verfasser</subfield>
<subfield code="4">aut</subfield>
<subfield code="2">gnd</subfield>
</datafield>
<datafield ind1="2" ind2=" " tag="110">
<subfield code="0">(DE-588)10102945-7</subfield>
<subfield code="0">https://d-nb.info/gnd/10102945-7</subfield>
<subfield code="0">(DE-101)974828408</subfield>
<subfield code="a">Alfred A. Knopf, Inc.</subfield>
<subfield code="e">Verfasser</subfield>
<subfield code="4">aut</subfield>
</datafield>
<datafield ind1="1" ind2="0" tag="245">
<subfield code="a">Korrespondenz</subfield>
</datafield>
<datafield ind1=" " ind2="0" tag="264">
<subfield code="a">New York, NY</subfield>
<subfield code="c">1943-1944</subfield>
</datafield>
<datafield ind1=" " ind2=" " tag="300">
<subfield code="a">8 Bl. = 7 E. masch.m.U. Mit 5 Umschl.</subfield>
</datafield>
<datafield ind1=" " ind2=" " tag="336">
<subfield code="a">Text</subfield>
<subfield code="b">txt</subfield>
<subfield code="2">rdacontent</subfield>
</datafield>
<datafield ind1=" " ind2=" " tag="337">
<subfield code="a">ohne Hilfsmittel zu benutzen</subfield>
<subfield code="b">n</subfield>
<subfield code="2">rdamedia</subfield>
</datafield>
<datafield ind1=" " ind2=" " tag="338">
<subfield code="a">Blatt</subfield>
<subfield code="b">nb</subfield>
<subfield code="2">rdacarrier</subfield>
</datafield>
<datafield ind1="1" ind2=" " tag="490">
<subfield code="a">Nachlass Iwan Heilbut</subfield>
</datafield>
<datafield ind1=" " ind2=" " tag="546">
<subfield code="a">Schrift, Sprache: Engl.</subfield>
</datafield>
<datafield ind1="1" ind2=" " tag="700">
<subfield code="0">(DE-588)116651423</subfield>
<subfield code="0">https://d-nb.info/gnd/116651423</subfield>
<subfield code="0">(DE-101)116651423</subfield>
<subfield code="a">Heilbut, Iwan</subfield>
<subfield code="d">1898-1972</subfield>
<subfield code="e">Adressat</subfield>
<subfield code="4">rcp</subfield>
<subfield code="2">gnd</subfield>
</datafield>
<datafield ind1=" " ind2="0" tag="830">
<subfield code="a">Nachlass Iwan Heilbut</subfield>
<subfield code="w">(DE-101)978829611</subfield>
<subfield code="9">B.01.0006</subfield>
<subfield code="7">tc</subfield>
</datafield>
<datafield ind1=" " ind2=" " tag="850">
<subfield code="a">DE-101e</subfield>
</datafield>
</record>