
<record type="Bibliographic" xmlns="http://www.loc.gov/MARC21/slim">
<leader>00000ntdaa2200000 c 4500</leader>
<controlfield tag="001">99352818X</controlfield>
<controlfield tag="003">DE-101</controlfield>
<controlfield tag="005">20191101063032.0</controlfield>
<controlfield tag="007">tu</controlfield>
<controlfield tag="008">090401m19411950xxu||||| |||| 00||||ger  </controlfield>
<datafield ind1="7" ind2=" " tag="016">
<subfield code="2">DE-101</subfield>
<subfield code="a">99352818X</subfield>
</datafield>
<datafield ind1=" " ind2=" " tag="035">
<subfield code="a">(DE-599)DNB99352818X</subfield>
</datafield>
<datafield ind1=" " ind2=" " tag="040">
<subfield code="a">1270</subfield>
<subfield code="b">ger</subfield>
<subfield code="c">DE-101</subfield>
<subfield code="d">9999</subfield>
</datafield>
<datafield ind1=" " ind2=" " tag="041">
<subfield code="a">ger</subfield>
</datafield>
<datafield ind1=" " ind2=" " tag="044">
<subfield code="c">XD-US</subfield>
</datafield>
<datafield ind1="1" ind2=" " tag="100">
<subfield code="0">(DE-588)116019891</subfield>
<subfield code="0">https://d-nb.info/gnd/116019891</subfield>
<subfield code="0">(DE-101)116019891</subfield>
<subfield code="a">Bab, Julius</subfield>
<subfield code="d">1880-1955</subfield>
<subfield code="e">Verfasser</subfield>
<subfield code="4">aut</subfield>
<subfield code="2">gnd</subfield>
</datafield>
<datafield ind1="1" ind2="0" tag="245">
<subfield code="a">Korrespondenz</subfield>
</datafield>
<datafield ind1=" " ind2="0" tag="264">
<subfield code="a">Roslyn Heights, NY u.a.</subfield>
<subfield code="c">1941-1950</subfield>
</datafield>
<datafield ind1=" " ind2=" " tag="300">
<subfield code="a">26 Bl. = 25 E. hs.m.U. Mit 12 Umschl.</subfield>
<subfield code="e">Julius Bab an Charlotte Heilbut, 21.12.1939-14.12.1962, 4 Bl. = 5 E. hs.m.U.</subfield>
<subfield code="e">Elisabeth Bab an Iwan Heilbut, o.D.;12.12.1962-18.01.1961, 3 Bl. = 3 E. hs.m.U.</subfield>
<subfield code="e">Julius Bab: "An eine tote Geliebte" [Gedicht], 1940, 1 Bl. hs.m.U. Dass.: Abschrift, 1 Bl. hs.m,.U. sowie biografische Notiz, 1 Bl. hs.</subfield>
<subfield code="e">Julius Bab: "Das Wort der Dichtung". Rez. zu Iwan Heilbuts: "Meine Wanderungen", 1942, 2 Bl. masch.Dg. Mit hs. Korr.</subfield>
<subfield code="e">Konvolut von Umschl. (leer, Briefmarken u. Poststempel herausgerissen), 3 Umschl. hs.</subfield>
</datafield>
<datafield ind1=" " ind2=" " tag="336">
<subfield code="a">Text</subfield>
<subfield code="b">txt</subfield>
<subfield code="2">rdacontent</subfield>
</datafield>
<datafield ind1=" " ind2=" " tag="337">
<subfield code="a">ohne Hilfsmittel zu benutzen</subfield>
<subfield code="b">n</subfield>
<subfield code="2">rdamedia</subfield>
</datafield>
<datafield ind1=" " ind2=" " tag="338">
<subfield code="a">Blatt</subfield>
<subfield code="b">nb</subfield>
<subfield code="2">rdacarrier</subfield>
</datafield>
<datafield ind1="1" ind2=" " tag="490">
<subfield code="a">Nachlass Iwan Heilbut</subfield>
</datafield>
<datafield ind1="1" ind2=" " tag="583">
<subfield code="l">Teilw. beschädigt</subfield>
</datafield>
<datafield ind1="1" ind2=" " tag="700">
<subfield code="0">(DE-588)116651423</subfield>
<subfield code="0">https://d-nb.info/gnd/116651423</subfield>
<subfield code="0">(DE-101)116651423</subfield>
<subfield code="a">Heilbut, Iwan</subfield>
<subfield code="d">1898-1972</subfield>
<subfield code="e">Adressat</subfield>
<subfield code="4">rcp</subfield>
<subfield code="2">gnd</subfield>
</datafield>
<datafield ind1=" " ind2="0" tag="830">
<subfield code="a">Nachlass Iwan Heilbut</subfield>
<subfield code="w">(DE-101)978829611</subfield>
<subfield code="9">B.01.0048</subfield>
<subfield code="7">tc</subfield>
</datafield>
<datafield ind1=" " ind2=" " tag="850">
<subfield code="a">DE-101e</subfield>
</datafield>
</record>